% This file was created with JabRef 2.10b2.
% Encoding: UTF-8

@Misc{nctuurl,
  Title                    = {國立交通大學},

  Author                   = {NCTU},

  Owner                    = {Potter},
  Timestamp                = {2021.01.31},
  Url                      = {http://www.nctu.edu.tw}
}


@article{zagoruyko2016wide,
  title={Wide residual networks},
  author={Zagoruyko, Sergey and Komodakis, Nikos},
  journal={arXiv preprint arXiv:1605.07146},
  year={2016}
}

@article{taud2018multilayer,
  title={Multilayer perceptron (MLP)},
  author={Taud, Hind and Mas, JF},
  journal={Geomatic approaches for modeling land change scenarios},
  pages={451--455},
  year={2018},
  publisher={Springer}
}

% ============================= VAE ===========================%
@article{kingma2013auto,
  title={Auto-encoding variational bayes},
  author={Kingma, Diederik P and Welling, Max},
  journal={arXiv preprint arXiv:1312.6114},
  year={2013}
}

% ============================== GAN ======================================%
@article{mirza2014conditional,
  title={Conditional generative adversarial nets},
  author={Mirza, Mehdi and Osindero, Simon},
  journal={arXiv preprint arXiv:1411.1784},
  year={2014}
}

@article{goodfellow2020generative,
  title={Generative adversarial networks},
  author={Goodfellow, Ian and Pouget-Abadie, Jean and Mirza, Mehdi and Xu, Bing and Warde-Farley, David and Ozair, Sherjil and Courville, Aaron and Bengio, Yoshua},
  journal={Communications of the ACM},
  volume={63},
  number={11},
  pages={139--144},
  year={2020},
  publisher={ACM New York, NY, USA}
}

% ============================== Text encoder =====================================%
@article{raffel2020exploring,
  title={Exploring the limits of transfer learning with a unified text-to-text transformer},
  author={Raffel, Colin and Shazeer, Noam and Roberts, Adam and Lee, Katherine and Narang, Sharan and Matena, Michael and Zhou, Yanqi and Li, Wei and Liu, Peter J},
  journal={The Journal of Machine Learning Research},
  volume={21},
  number={1},
  pages={5485--5551},
  year={2020},
  publisher={JMLRORG}
}

@inproceedings{radford2021learning,
  title={Learning transferable visual models from natural language supervision},
  author={Radford, Alec and Kim, Jong Wook and Hallacy, Chris and Ramesh, Aditya and Goh, Gabriel and Agarwal, Sandhini and Sastry, Girish and Askell, Amanda and Mishkin, Pamela and Clark, Jack and others},
  booktitle={International conference on machine learning},
  pages={8748--8763},
  year={2021},
  organization={PMLR}
}

% ============================== Energy based model =============================== %
@article{du2020compositional,
  title={Compositional visual generation and inference with energy based models},
  author={Du, Yilun and Li, Shuang and Mordatch, Igor},
  journal={arXiv preprint arXiv:2004.06030},
  year={2020}
}

% ============================== Diffusion model ================================== %
@inproceedings{sohl2015deep,
  title={Deep unsupervised learning using nonequilibrium thermodynamics},
  author={Sohl-Dickstein, Jascha and Weiss, Eric and Maheswaranathan, Niru and Ganguli, Surya},
  booktitle={International conference on machine learning},
  pages={2256--2265},
  year={2015},
  organization={PMLR}
}

@article{song2019generative,
  title={Generative modeling by estimating gradients of the data distribution},
  author={Song, Yang and Ermon, Stefano},
  journal={Advances in neural information processing systems},
  volume={32},
  year={2019}
}

@article{song2020score,
  title={Score-based generative modeling through stochastic differential equations},
  author={Song, Yang and Sohl-Dickstein, Jascha and Kingma, Diederik P and Kumar, Abhishek and Ermon, Stefano and Poole, Ben},
  journal={arXiv preprint arXiv:2011.13456},
  year={2020}
}

@article{song2020denoising,
  title={Denoising diffusion implicit models},
  author={Song, Jiaming and Meng, Chenlin and Ermon, Stefano},
  journal={arXiv preprint arXiv:2010.02502},
  year={2020}
}

@article{ho2020denoising,
  title={Denoising diffusion probabilistic models},
  author={Ho, Jonathan and Jain, Ajay and Abbeel, Pieter},
  journal={Advances in neural information processing systems},
  volume={33},
  pages={6840--6851},
  year={2020}
}

@inproceedings{nichol2021improved,
  title={Improved denoising diffusion probabilistic models},
  author={Nichol, Alexander Quinn and Dhariwal, Prafulla},
  booktitle={International Conference on Machine Learning},
  pages={8162--8171},
  year={2021},
  organization={PMLR}
}


@inproceedings{liu2022compositional,
  title={Compositional visual generation with composable diffusion models},
  author={Liu, Nan and Li, Shuang and Du, Yilun and Torralba, Antonio and Tenenbaum, Joshua B},
  booktitle={European Conference on Computer Vision},
  pages={423--439},
  year={2022},
  organization={Springer}
}

@inproceedings{ronneberger2015u,
  title={U-net: Convolutional networks for biomedical image segmentation},
  author={Ronneberger, Olaf and Fischer, Philipp and Brox, Thomas},
  booktitle={Medical Image Computing and Computer-Assisted Intervention--MICCAI 2015: 18th International Conference, Munich, Germany, October 5-9, 2015, Proceedings, Part III 18},
  pages={234--241},
  year={2015},
  organization={Springer}
}

@article{dhariwal2021diffusion,
  title={Diffusion models beat gans on image synthesis},
  author={Dhariwal, Prafulla and Nichol, Alexander},
  journal={Advances in neural information processing systems},
  volume={34},
  pages={8780--8794},
  year={2021}
}

@inproceedings{rombach2022high,
  title={High-resolution image synthesis with latent diffusion models},
  author={Rombach, Robin and Blattmann, Andreas and Lorenz, Dominik and Esser, Patrick and Ommer, Bj{\"o}rn},
  booktitle={Proceedings of the IEEE/CVF conference on computer vision and pattern recognition},
  pages={10684--10695},
  year={2022}
}

@article{ho2022classifier,
  title={Classifier-free diffusion guidance},
  author={Ho, Jonathan and Salimans, Tim},
  journal={arXiv preprint arXiv:2207.12598},
  year={2022}
}

@article{li2022srdiff,
  title={Srdiff: Single image super-resolution with diffusion probabilistic models},
  author={Li, Haoying and Yang, Yifan and Chang, Meng and Chen, Shiqi and Feng, Huajun and Xu, Zhihai and Li, Qi and Chen, Yueting},
  journal={Neurocomputing},
  volume={479},
  pages={47--59},
  year={2022},
  publisher={Elsevier}
}

@article{saharia2022image,
  title={Image super-resolution via iterative refinement},
  author={Saharia, Chitwan and Ho, Jonathan and Chan, William and Salimans, Tim and Fleet, David J and Norouzi, Mohammad},
  journal={IEEE Transactions on Pattern Analysis and Machine Intelligence},
  volume={45},
  number={4},
  pages={4713--4726},
  year={2022},
  publisher={IEEE}
}

@article{ozbey2023unsupervised,
  title={Unsupervised medical image translation with adversarial diffusion models},
  author={{\"O}zbey, Muzaffer and Dalmaz, Onat and Dar, Salman UH and Bedel, Hasan A and {\"O}zturk, {\c{S}}aban and G{\"u}ng{\"o}r, Alper and {\c{C}}ukur, Tolga},
  journal={IEEE Transactions on Medical Imaging},
  year={2023},
  publisher={IEEE}
}

@article{meng2021sdedit,
  title={Sdedit: Guided image synthesis and editing with stochastic differential equations},
  author={Meng, Chenlin and He, Yutong and Song, Yang and Song, Jiaming and Wu, Jiajun and Zhu, Jun-Yan and Ermon, Stefano},
  journal={arXiv preprint arXiv:2108.01073},
  year={2021}
}

@inproceedings{saharia2022palette,
  title={Palette: Image-to-image diffusion models},
  author={Saharia, Chitwan and Chan, William and Chang, Huiwen and Lee, Chris and Ho, Jonathan and Salimans, Tim and Fleet, David and Norouzi, Mohammad},
  booktitle={ACM SIGGRAPH 2022 Conference Proceedings},
  pages={1--10},
  year={2022}
}

@article{ramesh2022hierarchical,
  title={Hierarchical text-conditional image generation with clip latents},
  author={Ramesh, Aditya and Dhariwal, Prafulla and Nichol, Alex and Chu, Casey and Chen, Mark},
  journal={arXiv preprint arXiv:2204.06125},
  volume={1},
  number={2},
  pages={3},
  year={2022}
}

@article{saharia2022photorealistic,
  title={Photorealistic text-to-image diffusion models with deep language understanding},
  author={Saharia, Chitwan and Chan, William and Saxena, Saurabh and Li, Lala and Whang, Jay and Denton, Emily L and Ghasemipour, Kamyar and Gontijo Lopes, Raphael and Karagol Ayan, Burcu and Salimans, Tim and others},
  journal={Advances in Neural Information Processing Systems},
  volume={35},
  pages={36479--36494},
  year={2022}
}

% ============================== Evaluation metric ================================== %
@inproceedings{park2021benchmark,
  title={Benchmark for compositional text-to-image synthesis},
  author={Park, Dong Huk and Azadi, Samaneh and Liu, Xihui and Darrell, Trevor and Rohrbach, Anna},
  booktitle={Thirty-fifth Conference on Neural Information Processing Systems Datasets and Benchmarks Track (Round 1)},
  year={2021}
}

@article{heusel2017gans,
  title={Gans trained by a two time-scale update rule converge to a local nash equilibrium},
  author={Heusel, Martin and Ramsauer, Hubert and Unterthiner, Thomas and Nessler, Bernhard and Hochreiter, Sepp},
  journal={Advances in neural information processing systems},
  volume={30},
  year={2017}
}


% ============================= CZSL =============================================%
@inproceedings{chen2014inferring,
  title={Inferring analogous attributes},
  author={Chen, Chao-Yeh and Grauman, Kristen},
  booktitle={Proceedings of the IEEE Conference on Computer Vision and Pattern Recognition},
  pages={200--207},
  year={2014}
}

@inproceedings{misra2017red,
  title={From red wine to red tomato: Composition with context},
  author={Misra, Ishan and Gupta, Abhinav and Hebert, Martial},
  booktitle={Proceedings of the IEEE Conference on Computer Vision and Pattern Recognition},
  pages={1792--1801},
  year={2017}
}

@inproceedings{nagarajan2018attributes,
  title={Attributes as operators: factorizing unseen attribute-object compositions},
  author={Nagarajan, Tushar and Grauman, Kristen},
  booktitle={Proceedings of the European Conference on Computer Vision (ECCV)},
  pages={169--185},
  year={2018}
}

@inproceedings{mancini2021open,
  title={Open world compositional zero-shot learning},
  author={Mancini, Massimiliano and Naeem, Muhammad Ferjad and Xian, Yongqin and Akata, Zeynep},
  booktitle={Proceedings of the IEEE/CVF conference on computer vision and pattern recognition},
  pages={5222--5230},
  year={2021}
}

@article{yang2022decomposable,
  title={A decomposable causal view of compositional zero-shot learning},
  author={Yang, Muli and Xu, Chenghao and Wu, Aming and Deng, Cheng},
  journal={IEEE Transactions on Multimedia},
  year={2022},
  publisher={IEEE}
}

@article{xu2021zero,
  title={Zero-shot compositional concept learning},
  author={Xu, Guangyue and Kordjamshidi, Parisa and Chai, Joyce Y},
  journal={arXiv preprint arXiv:2107.05176},
  year={2021}
}

@inproceedings{lu2023decomposed,
  title={Decomposed soft prompt guided fusion enhancing for compositional zero-shot learning},
  author={Lu, Xiaocheng and Guo, Song and Liu, Ziming and Guo, Jingcai},
  booktitle={Proceedings of the IEEE/CVF Conference on Computer Vision and Pattern Recognition},
  pages={23560--23569},
  year={2023}
}

@inproceedings{saini2022disentangling,
  title={Disentangling visual embeddings for attributes and objects. 2022 IEEE},
  author={Saini, Nirat and Pham, Khoi and Shrivastava, Abhinav},
  booktitle={CVF Conference on Computer Vision and Pattern Recognition (CVPR)},
  pages={13648--13657},
  year={2022}
}

% =========================== ZSL =================================%
@article{wang2019survey,
  title={A survey of zero-shot learning: Settings, methods, and applications},
  author={Wang, Wei and Zheng, Vincent W and Yu, Han and Miao, Chunyan},
  journal={ACM Transactions on Intelligent Systems and Technology (TIST)},
  volume={10},
  number={2},
  pages={1--37},
  year={2019},
  publisher={ACM New York, NY, USA}
}

@article{pourpanah2022review,
  title={A review of generalized zero-shot learning methods},
  author={Pourpanah, Farhad and Abdar, Moloud and Luo, Yuxuan and Zhou, Xinlei and Wang, Ran and Lim, Chee Peng and Wang, Xi-Zhao and Wu, QM Jonathan},
  journal={IEEE transactions on pattern analysis and machine intelligence},
  year={2022},
  publisher={IEEE}
}

@article{xian2018zero,
  title={Zero-shot learning—a comprehensive evaluation of the good, the bad and the ugly},
  author={Xian, Yongqin and Lampert, Christoph H and Schiele, Bernt and Akata, Zeynep},
  journal={IEEE transactions on pattern analysis and machine intelligence},
  volume={41},
  number={9},
  pages={2251--2265},
  year={2018},
  publisher={IEEE}
}

@article{rahman2018unified,
  title={A unified approach for conventional zero-shot, generalized zero-shot, and few-shot learning},
  author={Rahman, Shafin and Khan, Salman and Porikli, Fatih},
  journal={IEEE Transactions on Image Processing},
  volume={27},
  number={11},
  pages={5652--5667},
  year={2018},
  publisher={IEEE}
}

@inproceedings{xian2018feature,
  title={Feature generating networks for zero-shot learning},
  author={Xian, Yongqin and Lorenz, Tobias and Schiele, Bernt and Akata, Zeynep},
  booktitle={Proceedings of the IEEE conference on computer vision and pattern recognition},
  pages={5542--5551},
  year={2018}
}

@inproceedings{han2021contrastive,
  title={Contrastive embedding for generalized zero-shot learning},
  author={Han, Zongyan and Fu, Zhenyong and Chen, Shuo and Yang, Jian},
  booktitle={Proceedings of the IEEE/CVF conference on computer vision and pattern recognition},
  pages={2371--2381},
  year={2021}
}

