% This file was created with JabRef 2.10b2.
% Encoding: UTF-8


@Article{KDOQI,
  Title                    = {The KDOQI 2006 Vascular Access Update and Fistula First Program Synopsis},
  Author                   = {Navuluri, R. and Regalado, S.},
  Journal                  = {Semin Intervent Radiol},
  Year                     = {2009},
  Number                   = {2},
  Pages                    = {122--124},
  Volume                   = {26},
  Doi                      = {10.1055/s-0029-1222455},
  PMID                     = {21326502},
  PMCID                   = {PMC3036429}
}

@Article{Balch_2024,
  Title                    = {{Integration of AI in surgical decision support: improving clinical judgment}},
  Author                   = {Jeremy A. Balch and Benjamin Shickel and Azra Bihorac and Gilbert R. Upchurch and Tyler J. Loftus},
  Journal                  = {Global Surgical Education - Journal of the Association for Surgical Education},
  Year                     = {2024},
  Volume                   = {3},
  Number                   = {1},
  Pages                    = {56},
  DOI                      = {10.1007/s44186-024-00257-2},
  URL                      = {https://doi.org/10.1007/s44186-024-00257-2},
  ISSN                     = {2731-4588}
}

@Article{Wu,
  Title                    = {Integrating vascular access surveillance with clinical monitoring for stenosis prediction},
  Author                   = {Wu, CK. and Lin, CH.},
  Journal                  = {J Nephrol},
  Year                     = {2024},
  Number                   = {},
  Pages                    = {461--470},
  Volume                   = {37},
  Url                      = {https://doi.org/10.1007/s40620-023-01799-2}
}

@Book{decision_tree,
  Title                    = {Classification and Regression Trees},
  Author                   = {Breiman, L. and Friedman, J. and Olshen, R.A. and Stone, C.J.},
  Publisher                = {Chapman and Hall/CRC},
  Year                     = {1984},
  Edition                  = {1st},
  Url                      = {https://doi.org/10.1201/9781315139470}
}

@Article{random_forest,
  Title                    = {Random Forests},
  Author                   = {Breiman, Leo},
  Journal                  = {Machine Learning},
  Year                     = {2001},
  Volume                   = {45},
  Number                   = {1},
  Pages                    = {5--32},
  Url                      = {https://doi.org/10.1023/A:1010933404324},
  Doi                      = {10.1023/A:1010933404324}
}

@article{XGBoost,
  title={XGBoost: A Scalable Tree Boosting System},
  author={Chen, Tianqi and Guestrin, Carlos},
  journal={arXiv preprint arXiv:1603.02754},
  year={2016}
}

@Article{Yan_2020,
  Title                    = {{A Survey on Tree-Based Machine Learning Methods: The Path to XGBoost and Generalized Random Forests}},
  Author                   = {Andong Yan},
  Journal                  = {University of California, Riverside},
  Year                     = {2020},
  Month                    = {May},
  Address                  = {Riverside, CA 92521},
  Note                     = {Available at ayan013@ucr.edu},
}

@article{comprehensive_tree_based_model,
  title={Searches for the BSM scenarios at the LHC using decision tree based machine learning algorithms: A comparative study and review of Random Forest, Adaboost, XGboost and LightGBM frameworks},
  author={Choudhury, Arghya and Mondal, Arpita and Sarkar, Subhadeep},
  journal={arXiv preprint arXiv:2405.06040},
  year={2024}
}

@Misc{LightGBM,
  Title                    = {LightGBM: A Highly Efficient Gradient Boosting Decision Tree},
  Author                   = {Ke, Guolin and Meng, Qi and Finley, Thomas and Wang, Taifeng and Chen, Wei and Ma, Weidong and Ye, Qiwei and Liu, Tie-Yan},
  Editor                   = {Guyon, I. and Von Luxburg, U. and Bengio, S. and Wallach, H. and Fergus, R. and Vishwanathan, S. and Garnett, R.},
  Publisher                = {Curran Associates, Inc.},
  Year                     = {2017},
  Url                      = {https://proceedings.neurips.cc/paper_files/paper/2017/file/6449f44a102fde848669bdd9eb6b76fa-Paper.pdf},
  Volume                   = {30}
}

@article{CatBoost,
  title={CatBoost: gradient boosting with categorical features support},
  author={Veronika Dorogush,Anna and Ershov, Vasily and Gulin, Andrey},
  journal={arXiv preprint arXiv:1810.11363},
  year={2018}
}

@article{Comparative_XGBoost,
  title={A Comparative Analysis of XGBoost},
  author={Bentéjac, Candice and Csörgő, Anna and Martínez-Muñoz, Gonzalo},
  journal={arXiv preprint arXiv:1911.01914},
  year={2019}
}

@article{tree_based_model,
  title={Why do tree-based models still outperform deep learning on tabular data?},
  author={Grinsztajn, Léo and Oyallon, Edouard and Varoquaux, Gaël},
  journal={arXiv preprint arXiv:2207.08815},
  year={2022}
}

@ARTICLE{9893798,
  author={Mienye, Ibomoiye Domor and Sun, Yanxia},
  journal={IEEE Access}, 
  title={A Survey of Ensemble Learning: Concepts, Algorithms, Applications, and Prospects}, 
  year={2022},
  volume={10},
  number={},
  pages={99129-99149},
  doi={10.1109/ACCESS.2022.3207287}}

@Misc{Kim2018AutomatedML,
  title={Automated Machine Learning for Soft Voting in an Ensemble of Tree-based Classiﬁers},
  author={Jungtaek Kim and Seungjin Choi},
  year={2018},
  url={https://api.semanticscholar.org/CorpusID:219631676}
}

@article{Interpretable_tree_ensemble,
  title={Inherently Interpretable Tree Ensemble Learning},
  author={Yang, Zebin and Sudjianto, Agus and Li, Xiaoming and Zhang, Aijun},
  journal={arXiv preprint arXiv:2410.19098},
  year={2024}
}

@article{Uncertainty_Quantification,
  title={Uncertainty Quantification in Machine Learning for Engineering Design and Health Prognostics: A Tutorial},
  author={Nemani, Venkat and Biggio, Luca and Huan, Xun and Hu, Zhen and Fink, Olga and Tran, Anh and Wang, Yan and Zhang, Xiaoge and Hu, Chao},
  journal={arXiv preprint arXiv:2305.04933},
  year={2023}
}

@article{Uncertainty_Quantification_2,
  title={Uncertainty Quantification in Scientific Machine Learning: Methods, Metrics, and Comparisons},
  author={F Psaros, Apostolos and Meng, Xuhui and Zou, Zongren and Guo, Ling and Em Karniadakis, George},
  journal={arXiv preprint arXiv:2201.07766},
  year={2022}
}


@Article{electronics11030396,
AUTHOR = {Barandas, Marília and Folgado, Duarte and Santos, Ricardo and Simão, Raquel and Gamboa, Hugo},
TITLE = {Uncertainty-Based Rejection in Machine Learning: Implications for Model Development and Interpretability},
JOURNAL = {Electronics},
VOLUME = {11},
YEAR = {2022},
NUMBER = {3},
ARTICLE-NUMBER = {396},
URL = {https://www.mdpi.com/2079-9292/11/3/396},
ISSN = {2079-9292},
DOI = {10.3390/electronics11030396}
}

@article{perturbations ,
  title={"Why Should I Trust You?": Explaining the Predictions of Any Classifier},
  author={Tulio Ribeiro, Marco and Singh, Sameer and Guestrin, Carlos},
  journal={arXiv preprint arXiv:1602.04938},
  year={2016}
}


@InProceedings{pmlr-v48-gal16,
  title = 	 {Dropout as a Bayesian Approximation: Representing Model Uncertainty in Deep Learning},
  author = 	 {Gal, Yarin and Ghahramani, Zoubin},
  booktitle = 	 {Proceedings of The 33rd International Conference on Machine Learning},
  pages = 	 {1050--1059},
  year = 	 {2016},
  editor = 	 {Balcan, Maria Florina and Weinberger, Kilian Q.},
  volume = 	 {48},
  series = 	 {Proceedings of Machine Learning Research},
  address = 	 {New York, New York, USA},
  month = 	 {20--22 Jun},
  publisher =    {PMLR},
}

@Misc{Outperform_Boosted_Trees,
  Title                    = {When Do Neural Nets Outperform Boosted Trees on Tabular Data?},
  Author                   = {McElfresh, Duncan and Khandagale, Sujay and Valverde, Jonathan and Prasad C, Vishak and Ramakrishnan, Ganesh and Goldblum, Micah and White, Colin},
  Editor                   = {Oh, A. and Naumann, T. and Globerson, A. and Saenko, K. and Hardt, M. and Levine, S.},
  Publisher                = {Curran Associates, Inc.},
  Year                     = {2023},
  Url                      = {https://proceedings.neurips.cc/paper_files/paper/2023/file/f06d5ebd4ff40b40dd97e30cee632123-Paper-Datasets_and_Benchmarks.pdf},
  Volume                   = {36},
  Pages                    = {76336--76369}
}

@article{Closer_Look,
  Title                    = {A Closer Look at Deep Learning Methods on Tabular Datasets},
  Author                   = {Ye, Han-Jia and Liu, Si-Yang and Cai, Hao-Run and Zhou, Qi-Le and Zhan, De-Chuan},
  Year                     = {2024},
  journal                  = {arXiv preprint arXiv:2407.00956},
  PrimaryClass             = {cs.LG}
}
