% This file was created with JabRef 2.10b2.
% Encoding: UTF-8
@article{classifierfree,
  title={Diffusion models beat gans on image synthesis},
  author={Dhariwal, Prafulla and Nichol, Alexander},
  journal={Advances in neural information processing systems},
  volume={34},
  pages={8780--8794},
  year={2021}
}

@article{DDIM,
  title={Denoising diffusion implicit models},
  author={Song, Jiaming and Meng, Chenlin and Ermon, Stefano},
  journal={arXiv preprint arXiv:2010.02502},
  year={2020}
}
@article{DDPM,
  title={Denoising diffusion probabilistic models},
  author={Ho, Jonathan and Jain, Ajay and Abbeel, Pieter},
  journal={Advances in neural information processing systems},
  volume={33},
  pages={6840--6851},
  year={2020}
}
@article{BeatGAN,
  title={Diffusion models beat gans on image synthesis},
  author={Dhariwal, Prafulla and Nichol, Alexander},
  journal={Advances in neural information processing systems},
  volume={34},
  pages={8780--8794},
  year={2021}
}

@article{classifier_free,
  title={Classifier-free diffusion guidance},
  author={Ho, Jonathan and Salimans, Tim},
  journal={arXiv preprint arXiv:2207.12598},
  year={2022}
}
@article{CDM,
  title={RETRACTED CHAPTER: On the Theory of Stochastic Processes, with Particular Reference to Applications},
  author={Feller, William},
  booktitle={Selected Papers I},
  pages={769--798},
  year={2015},
  publisher={Springer}
}
@article{CDM1,
  title={Score-based generative modeling through stochastic differential equations},
  author={Song, Yang and Sohl-Dickstein, Jascha and Kingma, Diederik P and Kumar, Abhishek and Ermon, Stefano and Poole, Ben},
  journal={arXiv preprint arXiv:2011.13456},
  year={2020}
}
@article{CDM2,
  title={Diffusion models: A comprehensive survey of methods and applications},
  author={Yang, Ling and Zhang, Zhilong and Song, Yang and Hong, Shenda and Xu, Runsheng and Zhao, Yue and Zhang, Wentao and Cui, Bin and Yang, Ming-Hsuan},
  journal={ACM Computing Surveys},
  volume={56},
  number={4},
  pages={1--39},
  year={2023},
  publisher={ACM New York, NY, USA}
}
@article{CDM3,
  title={Diffusion models in vision: A survey},
  author={Croitoru, Florinel-Alin and Hondru, Vlad and Ionescu, Radu Tudor and Shah, Mubarak},
  journal={IEEE Transactions on Pattern Analysis and Machine Intelligence},
  year={2023},
  publisher={IEEE}
}
@article{Stable_Diffusion,
  title={High-resolution image synthesis with latent diffusion models},
  author={Rombach, Robin and Blattmann, Andreas and Lorenz, Dominik and Esser, Patrick and Ommer, Bj{\"o}rn},
  booktitle={Proceedings of the IEEE/CVF conference on computer vision and pattern recognition},
  pages={10684--10695},
  year={2022}
}
@article{nonequilibrium ,
  title={Deep unsupervised learning using nonequilibrium thermodynamics},
  author={Sohl-Dickstein, Jascha and Weiss, Eric and Maheswaranathan, Niru and Ganguli, Surya},
  booktitle={International conference on machine learning},
  pages={2256--2265},
  year={2015},
  organization={PMLR}
}
@article{CLIP,
  title={Learning transferable visual models from natural language supervision},
  author={Radford, Alec and Kim, Jong Wook and Hallacy, Chris and Ramesh, Aditya and Goh, Gabriel and Agarwal, Sandhini and Sastry, Girish and Askell, Amanda and Mishkin, Pamela and Clark, Jack and others},
  booktitle={International conference on machine learning},
  pages={8748--8763},
  year={2021},
  organization={PMLR}
}
@article{Classification_with_CNN,
  title={Imagenet classification with deep convolutional neural networks},
  author={Krizhevsky, Alex and Sutskever, Ilya and Hinton, Geoffrey E},
  journal={Advances in neural information processing systems},
  volume={25},
  year={2012}
}
@article{CZSL,
  title={Open world compositional zero-shot learning},
  author={Mancini, Massimiliano and Naeem, Muhammad Ferjad and Xian, Yongqin and Akata, Zeynep},
  booktitle={Proceedings of the IEEE/CVF conference on computer vision and pattern recognition},
  pages={5222--5230},
  year={2021}
}
@article{CZSL_1,
  title={Zero-shot compositional concept learning},
  author={Xu, Guangyue and Kordjamshidi, Parisa and Chai, Joyce Y},
  journal={arXiv preprint arXiv:2107.05176},
  year={2021}
}
@article{CZSL_2,
  title={Compositional Zero-Shot Learning using Multi-Branch Graph Convolution and Cross-layer Knowledge Sharing},
  author={Panda, Aditya and Mukherjee, Dipti Prasad},
  journal={Pattern Recognition},
  volume={145},
  pages={109916},
  year={2024},
  publisher={Elsevier}
}
@article{CZSL_3,
  title={A decomposable causal view of compositional zero-shot learning},
  author={Yang, Muli and Xu, Chenghao and Wu, Aming and Deng, Cheng},
  journal={IEEE Transactions on Multimedia},
  year={2022},
  publisher={IEEE}
}
@article{CZSL_4,
  title={Decomposed soft prompt guided fusion enhancing for compositional zero-shot learning},
  author={Lu, Xiaocheng and Guo, Song and Liu, Ziming and Guo, Jingcai},
  booktitle={Proceedings of the IEEE/CVF Conference on Computer Vision and Pattern Recognition},
  pages={23560--23569},
  year={2023}
}
@inproceedings{CZSL_5,
  title={Disentangling visual embeddings for attributes and objects},
  author={Saini, Nirat and Pham, Khoi and Shrivastava, Abhinav},
  booktitle={Proceedings of the IEEE/CVF Conference on Computer Vision and Pattern Recognition},
  pages={13658--13667},
  year={2022}
}
@article{zero-shot-learning,
  title={A survey of zero-shot learning: Settings, methods, and applications},
  author={Wang, Wei and Zheng, Vincent W and Yu, Han and Miao, Chunyan},
  journal={ACM Transactions on Intelligent Systems and Technology (TIST)},
  volume={10},
  number={2},
  pages={1--37},
  year={2019},
  publisher={ACM New York, NY, USA}
}
@article{zero-shot-learning_1,
  title={A review of generalized zero-shot learning methods},
  author={Pourpanah, Farhad and Abdar, Moloud and Luo, Yuxuan and Zhou, Xinlei and Wang, Ran and Lim, Chee Peng and Wang, Xi-Zhao and Wu, QM Jonathan},
  journal={IEEE transactions on pattern analysis and machine intelligence},
  year={2022},
  publisher={IEEE}
}
@article{zero-shot-learning_2,
  title={Zero-shot learningâ€”a comprehensive evaluation of the good, the bad and the ugly},
  author={Xian, Yongqin and Lampert, Christoph H and Schiele, Bernt and Akata, Zeynep},
  journal={IEEE transactions on pattern analysis and machine intelligence},
  volume={41},
  number={9},
  pages={2251--2265},
  year={2018},
  publisher={IEEE}
}
@article{zero-shot-learning_3,
  title={A unified approach for conventional zero-shot, generalized zero-shot, and few-shot learning},
  author={Rahman, Shafin and Khan, Salman and Porikli, Fatih},
  journal={IEEE Transactions on Image Processing},
  volume={27},
  number={11},
  pages={5652--5667},
  year={2018},
  publisher={IEEE}
}
@article{zero-shot-learning_4,
  title={An empirical study and analysis of generalized zero-shot learning for object recognition in the wild},
  author={Chao, Wei-Lun and Changpinyo, Soravit and Gong, Boqing and Sha, Fei},
  booktitle={Computer Vision--ECCV 2016: 14th European Conference, Amsterdam, The Netherlands, October 11-14, 2016, Proceedings, Part II 14},
  pages={52--68},
  year={2016},
  organization={Springer}
}
@article{zero-shot-learning_5,
  title={Feature generating networks for zero-shot learning},
  author={Xian, Yongqin and Lorenz, Tobias and Schiele, Bernt and Akata, Zeynep},
  booktitle={Proceedings of the IEEE conference on computer vision and pattern recognition},
  pages={5542--5551},
  year={2018}
}
@article{zero-shot-learning_6,
  title={Contrastive embedding for generalized zero-shot learning},
  author={Han, Zongyan and Fu, Zhenyong and Chen, Shuo and Yang, Jian},
  booktitle={Proceedings of the IEEE/CVF conference on computer vision and pattern recognition},
  pages={2371--2381},
  year={2021}
}

@article{GANs,
  title={Generative adversarial networks},
  author={Goodfellow, Ian and Pouget-Abadie, Jean and Mirza, Mehdi and Xu, Bing and Warde-Farley, David and Ozair, Sherjil and Courville, Aaron and Bengio, Yoshua},
  journal={Communications of the ACM},
  volume={63},
  number={11},
  pages={139--144},
  year={2020},
  publisher={ACM New York, NY, USA}
}
@article{VAE,
  title={Auto-encoding variational bayes},
  author={Kingma, Diederik P and Welling, Max},
  journal={arXiv preprint arXiv:1312.6114},
  year={2013}
}
@article{Unet,
  title={U-net: Convolutional networks for biomedical image segmentation},
  author={Ronneberger, Olaf and Fischer, Philipp and Brox, Thomas},
  booktitle={Medical Image Computing and Computer-Assisted Intervention--MICCAI 2015: 18th International Conference, Munich, Germany, October 5-9, 2015, Proceedings, Part III 18},
  pages={234--241},
  year={2015},
  organization={Springer}
}
@article{GPT3,
  title={Plagiarism in the age of massive Generative Pre-trained Transformers (GPT-3)},
  author={Dehouche, Nassim},
  journal={Ethics in Science and Environmental Politics},
  volume={21},
  pages={17--23},
  year={2021}
}
@article{BERT,
  title={Bert: Pre-training of deep bidirectional transformers for language understanding},
  author={Devlin, Jacob and Chang, Ming-Wei and Lee, Kenton and Toutanova, Kristina},
  journal={arXiv preprint arXiv:1810.04805},
  year={2018}
}
@article{Spatial_transformer,
  title={Spatial transformer networks},
  author={Jaderberg, Max and Simonyan, Karen and Zisserman, Andrew and others},
  journal={Advances in neural information processing systems},
  volume={28},
  year={2015}
}
@article{selfattention,
  title={Attention is all you need},
  author={Vaswani, Ashish and Shazeer, Noam and Parmar, Niki and Uszkoreit, Jakob and Jones, Llion and Gomez, Aidan N and Kaiser, {\L}ukasz and Polosukhin, Illia},
  journal={Advances in neural information processing systems},
  volume={30},
  year={2017}
}
@article{mobilenetv3,
  title={MobileNetV3},
  author={Koonce, Brett and Koonce, Brett},
  journal={Convolutional Neural Networks with Swift for Tensorflow: Image Recognition and Dataset Categorization},
  pages={125--144},
  year={2021},
  publisher={Springer}
}
@article{Resblock,
  title={Deep residual learning for image recognition},
  author={He, Kaiming and Zhang, Xiangyu and Ren, Shaoqing and Sun, Jian},
  booktitle={Proceedings of the IEEE conference on computer vision and pattern recognition},
  pages={770--778},
  year={2016}
}
@article{group_normalization,
  title={Group normalization},
  author={Wu, Yuxin and He, Kaiming},
  booktitle={Proceedings of the European conference on computer vision (ECCV)},
  pages={3--19},
  year={2018}
}
@article{image_synthesis,
  title={Score-based generative modeling through stochastic differential equations},
  author={Song, Yang and Sohl-Dickstein, Jascha and Kingma, Diederik P and Kumar, Abhishek and Ermon, Stefano and Poole, Ben},
  journal={arXiv preprint arXiv:2011.13456},
  year={2020}
}
